<record><leader>00000cas a2200000 a 4500</leader><controlfield tag="001">12240275</controlfield><controlfield tag="008">850708d19041905ksuwr ne      0    0eng d</controlfield><datafield ind1=" " ind2=" " tag="010"><subfield code="a">sn 85030395 </subfield></datafield><datafield ind1=" " ind2=" " tag="040"><subfield code="a">KSH</subfield><subfield code="b">eng</subfield><subfield code="c">KSH</subfield><subfield code="d">NPT</subfield><subfield code="d">OCL</subfield><subfield code="d">OCLCQ</subfield></datafield><datafield ind1=" " ind2=" " tag="042"><subfield code="a">msc</subfield></datafield><datafield ind1="0" ind2="4" tag="245"><subfield code="a">The Weekly star and Kansan.</subfield></datafield><datafield ind1=" " ind2=" " tag="260"><subfield code="a">Independence, Kan. :</subfield><subfield code="b">W.C. Dirst,</subfield><subfield code="c">1904-1905.</subfield></datafield><datafield ind1=" " ind2=" " tag="300"><subfield code="a">3 v. :</subfield><subfield code="b">ill. ;</subfield><subfield code="c">55 cm.</subfield></datafield><datafield ind1=" " ind2=" " tag="310"><subfield code="a">Weekly</subfield></datafield><datafield ind1="0" ind2=" " tag="362"><subfield code="a">Vol. 24, no. 50 (Feb. 4, 1904)-v. 27, no. 22 (Nov. 23, 1905).</subfield></datafield><datafield ind1=" " ind2=" " tag="500"><subfield code="a">Published by: A.T. Cox, Mar. 31, 1904; W.F. Menton, Apr. 7-Aug. 18, 1904; A.T. Cox, Aug. 25, 1904-Nov. 23, 1905.</subfield></datafield><datafield ind1=" " ind2=" " tag="500"><subfield code="a">"Democratic."</subfield></datafield><datafield ind1="0" ind2="0" tag="780"><subfield code="t">Star and Kansan</subfield><subfield code="w">(OCoLC)9483553</subfield></datafield><datafield ind1="0" ind2="4" tag="785"><subfield code="t">Evening star</subfield><subfield code="w">(DLC)sn 85030409</subfield></datafield></record>